@misc{ Tor,
    key = {Tor},
    title = {The Tor Project},
    howpublished = {\url{http://www.torproject.org/}}
}
@misc{ I2P,
    key = {iI2P2p},
    title = {I2P},
    howpublished = {\url{http://www.i2p2.de/}}
}
@misc{ Freenet,
    key = {Freenet},
    title = {Freenet},
    howpublished = {\url{https://freenetproject.org/}}
}
@misc{ GNUnet,
    key = {GNUnet},
    title = {GNUnet},
    howpublished = {\url{https://gnunet.org/}}
}
@misc{ Gnutella,
    key = {Gnutella},
    title = {Gnutella is a network created from many different client applications},
    howpublished = {\url{http://www.gnutellaforums.com/}}
}
@article{ Phantom,
    title = {Generic, Decentralized, Unstoppable Anonymity: The Phantom Protocol},
    author = {Magnus Br√•ding},
    howpublished = {\url{https://code.google.com/p/phantom/}}
}
@misc{ Bitcoin,
    key = {Bitcoin},
    title = {Bitcoin, the P2P virtual crypto-currency},
    howpublished = {\url{http://www.bitcoin.org/}}
}
@misc{ Aol,
    key = {Aol},
    title = {The AOL anonyised data incident},
    howpublished = {\url{http://www.nytimes.com/2006/08/09/technology/09aol.html?pagewanted=all&_r=0}}
}

